<collection>
<record>
<controlfield tag="001">700</controlfield>
<datafield tag="245" ind1="" ind2="">
  <subfield code="a">Dimuon event information derived from the Run2010B public Mu dataset</subfield>
</datafield>
<datafield tag="260" ind1=" " ind2=" ">
 <subfield code="b">CERN Open Data Portal</subfield>
 <subfield code="c">2014</subfield>
</datafield>
<datafield tag="100" ind1="" ind2="">
  <subfield code="a">Thomas McCauley</subfield>
</datafield>
<datafield tag="520" ind1="" ind2="">
  <subfield code="a">This document contains 100k dimuon events selected from the Mu dataset from Run2010B. Each line corresponds to an event. The main file contains all 100k events. Files with an underscore contain 10k events each.</subfield>
</datafield>
<datafield tag="693" ind1=" " ind2=" ">
 <subfield code="a">CERN-LHC</subfield>
 <subfield code="e">CMS</subfield>
</datafield>
<datafield tag="980" ind1=" " ind2=" ">
 <subfield code="a">CMS-Derived-Datasets</subfield>
</datafield>
<datafield tag="FFT" ind1="" ind2="">
  <subfield code="a">https://cms-docdb.cern.ch/cgi-bin/PublicDocDB/RetrieveFile?docid=12450&amp;filename=Run2010B_Mu_AOD_Apr21ReReco-v1-dimuon_0.csv</subfield>
  <subfield code="n">MuRun2010B_0</subfield>
</datafield>
<datafield tag="FFT" ind1="" ind2="">
  <subfield code="a">https://cms-docdb.cern.ch/cgi-bin/PublicDocDB/RetrieveFile?docid=12450&amp;filename=Run2010B_Mu_AOD_Apr21ReReco-v1-dimuon.csv</subfield>
  <subfield code="n">MuRun2010B</subfield>
</datafield>
<datafield tag="FFT" ind1="" ind2="">
  <subfield code="a">https://cms-docdb.cern.ch/cgi-bin/PublicDocDB/RetrieveFile?docid=12450&amp;filename=Run2010B_Mu_AOD_Apr21ReReco-v1-dimuon_1.csv</subfield>
  <subfield code="n">MuRun2010B_1</subfield>
</datafield>
<datafield tag="FFT" ind1="" ind2="">
  <subfield code="a">https://cms-docdb.cern.ch/cgi-bin/PublicDocDB/RetrieveFile?docid=12450&amp;filename=Run2010B_Mu_AOD_Apr21ReReco-v1-dimuon_2.csv</subfield>
  <subfield code="n">MuRun2010B_2</subfield>
</datafield>
<datafield tag="FFT" ind1="" ind2="">
  <subfield code="a">https://cms-docdb.cern.ch/cgi-bin/PublicDocDB/RetrieveFile?docid=12450&amp;filename=Run2010B_Mu_AOD_Apr21ReReco-v1-dimuon_3.csv</subfield>
  <subfield code="n">MuRun2010B_3</subfield>
</datafield>
<datafield tag="FFT" ind1="" ind2="">
  <subfield code="a">https://cms-docdb.cern.ch/cgi-bin/PublicDocDB/RetrieveFile?docid=12450&amp;filename=Run2010B_Mu_AOD_Apr21ReReco-v1-dimuon_4.csv</subfield>
  <subfield code="n">MuRun2010B_4</subfield>
</datafield>
<datafield tag="FFT" ind1="" ind2="">
  <subfield code="a">https://cms-docdb.cern.ch/cgi-bin/PublicDocDB/RetrieveFile?docid=12450&amp;filename=Run2010B_Mu_AOD_Apr21ReReco-v1-dimuon_5.csv</subfield>
  <subfield code="n">MuRun2010B_5</subfield>
</datafield>
<datafield tag="FFT" ind1="" ind2="">
  <subfield code="a">https://cms-docdb.cern.ch/cgi-bin/PublicDocDB/RetrieveFile?docid=12450&amp;filename=Run2010B_Mu_AOD_Apr21ReReco-v1-dimuon_6.csv</subfield>
  <subfield code="n">MuRun2010B_6</subfield>
</datafield>
<datafield tag="FFT" ind1="" ind2="">
  <subfield code="a">https://cms-docdb.cern.ch/cgi-bin/PublicDocDB/RetrieveFile?docid=12450&amp;filename=Run2010B_Mu_AOD_Apr21ReReco-v1-dimuon_7.csv</subfield>
  <subfield code="n">MuRun2010B_7</subfield>
</datafield>
<datafield tag="FFT" ind1="" ind2="">
  <subfield code="a">https://cms-docdb.cern.ch/cgi-bin/PublicDocDB/RetrieveFile?docid=12450&amp;filename=Run2010B_Mu_AOD_Apr21ReReco-v1-dimuon_8.csv</subfield>
  <subfield code="n">MuRun2010B_8</subfield>
</datafield>
<datafield tag="FFT" ind1="" ind2="">
  <subfield code="a">https://cms-docdb.cern.ch/cgi-bin/PublicDocDB/RetrieveFile?docid=12450&amp;filename=Run2010B_Mu_AOD_Apr21ReReco-v1-dimuon_9.csv</subfield>
  <subfield code="n">MuRun2010B_9</subfield>
</datafield>
</record>
</collection>
